@inproceedings{banko-brill-2001-mitigating,
	title = "Mitigating the Paucity-of-Data Problem: Exploring the Effect of Training Corpus Size on Classifier Performance for Natural Language Processing",
	author = "Banko, Michele  and
	Brill, Eric",
	booktitle = "Proceedings of the First International Conference on Human Language Technology Research",
	year = "2001",
	url = "https://aclanthology.org/H01-1052",
}

@inproceedings{swayamdipta2020dataset,
	title={Dataset Cartography: Mapping and Diagnosing Datasets with Training Dynamics},
	author={Swabha Swayamdipta and Roy Schwartz and Nicholas Lourie and Yizhong Wang and Hannaneh Hajishirzi and Noah A. Smith and Yejin Choi},
	booktitle={Proceedings of EMNLP},
	url={https://arxiv.org/abs/2009.10795},
	year={2020}
}

@inproceedings{snli:emnlp2015,
	Author = {Bowman, Samuel R. and Angeli, Gabor and Potts, Christopher, and Manning, Christopher D.},
	Booktitle = {Proceedings of the 2015 Conference on Empirical Methods in Natural Language Processing (EMNLP)},
	Publisher = {Association for Computational Linguistics},
	Title = {A large annotated corpus for learning natural language inference},
	Year = {2015}
}